@article{altschul1990basic,
    title = {Basic Local Alignment Search Tool},
    author = {Altschul, Stephen F. and Gish, Warren and Miller, Webb and Myers,
              Eugene W. and Lipman, David J.},
    year = {1990},
    journal = {Journal of Molecular Biology},
    shortjournal = {Journal of Molecular Biology},
    volume = {215},
    number = {3},
    pages = {403--410},
    issn = {0022-2836},
    doi = {10.1016/S0022-2836(05)80360-2},
    urldate = {2023-06-14},
    langid = {english},
}

@article{cock2009biopython,
    doi = {10.1093/bioinformatics/btp163},
    url = {https://doi.org/10.1093/bioinformatics/btp163},
    year = {2009},
    publisher = {Oxford University Press ({OUP})},
    volume = {25},
    number = {11},
    pages = {1422--1423},
    author = {Peter J. A. Cock and Tiago Antao and Jeffrey T. Chang and Brad A.
              Chapman and Cymon J. Cox and Andrew Dalke and Iddo Friedberg and
              Thomas Hamelryck and Frank Kauff and Bartek Wilczynski and Michiel
              J. L. de Hoon},
    title = {Biopython: freely available Python tools for computational
             molecular biology and bioinformatics},
    journal = {Bioinformatics},
}

@article{higgins1988clustal,
    title = {{{CLUSTAL}}: A Package for Performing Multiple Sequence Alignment
             on a Microcomputer},
    shorttitle = {{{CLUSTAL}}},
    author = {Higgins, Desmond G. and Sharp, Paul M.},
    year = {1988},
    journal = {Gene},
    shortjournal = {Gene},
    volume = {73},
    number = {1},
    pages = {237--244},
    issn = {0378-1119},
    doi = {10.1016/0378-1119(88)90330-7},
    urldate = {2023-06-14},
    langid = {english},
}

@article{kent2002blat,
    title = {{{BLAT}}—{{The BLAST-Like Alignment Tool}}},
    author = {Kent, W. James},
    year = {2002},
    journal = {Genome Research},
    shortjournal = {Genome Res.},
    volume = {12},
    number = {4},
    eprint = {11932250},
    eprinttype = {pmid},
    pages = {656--664},
    publisher = {{Cold Spring Harbor Lab}},
    issn = {1088-9051, 1549-5469},
    doi = {10.1101/gr.229202},
    urldate = {2023-06-14},
    langid = {english},
}

@article{perkel2015programming,
    title = {Programming: {{Pick}} up {{Python}}},
    shorttitle = {Programming},
    author = {Perkel, Jeffrey M.},
    year = {2015},
    journal = {Nature},
    volume = {518},
    number = {7537},
    pages = {125--126},
    publisher = {{Nature Publishing Group}},
    issn = {1476-4687},
    doi = {10.1038/518125a},
    urldate = {2023-06-14},
    issue = {7537},
    langid = {english},
}

@article{putri2022analysing,
    title = {Analysing High-Throughput Sequencing Data in {{Python}} with {{
             HTSeq}} 2.0},
    author = {Putri, Givanna H and Anders, Simon and Pyl, Paul Theodor and
              Pimanda, John E and Zanini, Fabio},
    year = {2022},
    journal = {Bioinformatics},
    shortjournal = {Bioinformatics},
    volume = {38},
    number = {10},
    pages = {2943--2945},
    issn = {1367-4803},
    doi = {10.1093/bioinformatics/btac166},
    urldate = {2023-08-01},
}

@article{tamazian2023pygenomics,
    title = {Pygenomics: Manipulating Genomic Intervals and Data Files in {{
             Python}}},
    shorttitle = {Pygenomics},
    author = {Tamazian, Gaik and Cherkasov, Nikolay and Kanapin, Alexander and
              Samsonova, Anastasia},
    year = {2023},
    journal = {Bioinformatics},
    shortjournal = {Bioinformatics},
    volume = {39},
    number = {6},
    pages = {btad346},
    issn = {1367-4811},
    doi = {10.1093/bioinformatics/btad346},
    urldate = {2023-06-14},
}

@misc{pybind11,
    author = {Wenzel Jakob and Jason Rhinelander and Dean Moldovan},
    year = {2016},
    note = {https://github.com/pybind/pybind11},
    title = {pybind11 — Seamless operability between C++11 and Python},
}
