@misc{pybind11,
    author = {Wenzel Jakob and Jason Rhinelander and Dean Moldovan},
    year = {2016},
    note = {https://github.com/pybind/pybind11},
    title = {pybind11 — Seamless operability between C++11 and Python},
}

@article{kent2002blat,
    title = {BLAT—the BLAST-like alignment tool},
    author = {Kent, W James},
    journal = {Genome research},
    volume = {12},
    number = {4},
    pages = {656--664},
    year = {2002},
    publisher = {Cold Spring Harbor Lab},
}   publisher = {Cold Spring Harbor Lab},

}
@article{altschul1990basic,
    title = {Basic local alignment search tool},
    author = {Altschul, Stephen F and Gish, Warren and Miller, Webb and Myers,
              Eugene W and Lipman, David J},
    journal = {Journal of molecular biology},
    volume = {215},
    number = {3},
    pages = {403--410},
    year = {1990},
    publisher = {Elsevier},
}   publisher = {Elsevier},
}
